%YAML 1.1
%TAG !u! tag:unity3d.com,2011:
--- !u!1 &100176
GameObject:
  m_ObjectHideFlags: 0
  m_PrefabParentObject: {fileID: 0}
  m_PrefabInternal: {fileID: 100100000}
  serializedVersion: 4
  m_Component:
  - 4: {fileID: 453818}
  - 114: {fileID: 11415936}
  - 23: {fileID: 2382042}
  - 33: {fileID: 3321904}
  - 114: {fileID: 11457764}
  m_Layer: 0
  m_Name: New Terrain (4)
  m_TagString: Untagged
  m_Icon: {fileID: 0}
  m_NavMeshLayer: 0
  m_StaticEditorFlags: 0
  m_IsActive: 1
--- !u!1 &113274
GameObject:
  m_ObjectHideFlags: 0
  m_PrefabParentObject: {fileID: 0}
  m_PrefabInternal: {fileID: 100100000}
  serializedVersion: 4
  m_Component:
  - 4: {fileID: 409222}
  - 114: {fileID: 11445546}
  - 23: {fileID: 2331188}
  - 33: {fileID: 3332842}
  - 114: {fileID: 11450558}
  m_Layer: 0
  m_Name: New Terrain (7)
  m_TagString: Untagged
  m_Icon: {fileID: 0}
  m_NavMeshLayer: 0
  m_StaticEditorFlags: 0
  m_IsActive: 1
--- !u!1 &132566
GameObject:
  m_ObjectHideFlags: 0
  m_PrefabParentObject: {fileID: 0}
  m_PrefabInternal: {fileID: 100100000}
  serializedVersion: 4
  m_Component:
  - 4: {fileID: 437962}
  - 114: {fileID: 11440966}
  - 23: {fileID: 2323068}
  - 33: {fileID: 3306382}
  - 114: {fileID: 11430722}
  m_Layer: 0
  m_Name: New Terrain (6)
  m_TagString: Untagged
  m_Icon: {fileID: 0}
  m_NavMeshLayer: 0
  m_StaticEditorFlags: 0
  m_IsActive: 1
--- !u!1 &146186
GameObject:
  m_ObjectHideFlags: 0
  m_PrefabParentObject: {fileID: 0}
  m_PrefabInternal: {fileID: 100100000}
  serializedVersion: 4
  m_Component:
  - 4: {fileID: 484636}
  - 114: {fileID: 11409470}
  - 23: {fileID: 2347832}
  - 33: {fileID: 3321342}
  - 114: {fileID: 11495878}
  m_Layer: 0
  m_Name: New Terrain (5)
  m_TagString: Untagged
  m_Icon: {fileID: 0}
  m_NavMeshLayer: 0
  m_StaticEditorFlags: 0
  m_IsActive: 1
--- !u!1 &148420
GameObject:
  m_ObjectHideFlags: 0
  m_PrefabParentObject: {fileID: 0}
  m_PrefabInternal: {fileID: 100100000}
  serializedVersion: 4
  m_Component:
  - 4: {fileID: 418660}
  - 114: {fileID: 11401684}
  - 23: {fileID: 2302022}
  - 33: {fileID: 3305170}
  - 114: {fileID: 11491786}
  m_Layer: 0
  m_Name: New Terrain
  m_TagString: Untagged
  m_Icon: {fileID: 0}
  m_NavMeshLayer: 0
  m_StaticEditorFlags: 0
  m_IsActive: 1
--- !u!1 &156522
GameObject:
  m_ObjectHideFlags: 0
  m_PrefabParentObject: {fileID: 0}
  m_PrefabInternal: {fileID: 100100000}
  serializedVersion: 4
  m_Component:
  - 4: {fileID: 442628}
  - 114: {fileID: 11405130}
  - 23: {fileID: 2362496}
  - 33: {fileID: 3339052}
  - 114: {fileID: 11488752}
  m_Layer: 0
  m_Name: New Terrain (2)
  m_TagString: Untagged
  m_Icon: {fileID: 0}
  m_NavMeshLayer: 0
  m_StaticEditorFlags: 0
  m_IsActive: 1
--- !u!1 &157960
GameObject:
  m_ObjectHideFlags: 0
  m_PrefabParentObject: {fileID: 0}
  m_PrefabInternal: {fileID: 100100000}
  serializedVersion: 4
  m_Component:
  - 4: {fileID: 480658}
  m_Layer: 0
  m_Name: GameObject (1)
  m_TagString: Untagged
  m_Icon: {fileID: 0}
  m_NavMeshLayer: 0
  m_StaticEditorFlags: 0
  m_IsActive: 1
--- !u!1 &170950
GameObject:
  m_ObjectHideFlags: 0
  m_PrefabParentObject: {fileID: 0}
  m_PrefabInternal: {fileID: 100100000}
  serializedVersion: 4
  m_Component:
  - 4: {fileID: 460124}
  - 114: {fileID: 11437094}
  - 23: {fileID: 2365308}
  - 33: {fileID: 3383230}
  - 114: {fileID: 11471442}
  m_Layer: 0
  m_Name: New Terrain (1)
  m_TagString: Untagged
  m_Icon: {fileID: 0}
  m_NavMeshLayer: 0
  m_StaticEditorFlags: 0
  m_IsActive: 1
--- !u!1 &196998
GameObject:
  m_ObjectHideFlags: 0
  m_PrefabParentObject: {fileID: 0}
  m_PrefabInternal: {fileID: 100100000}
  serializedVersion: 4
  m_Component:
  - 4: {fileID: 458154}
  - 114: {fileID: 11471886}
  - 23: {fileID: 2303818}
  - 33: {fileID: 3365086}
  - 114: {fileID: 11425788}
  m_Layer: 0
  m_Name: New Terrain (3)
  m_TagString: Untagged
  m_Icon: {fileID: 0}
  m_NavMeshLayer: 0
  m_StaticEditorFlags: 0
  m_IsActive: 1
--- !u!4 &409222
Transform:
  m_ObjectHideFlags: 1
  m_PrefabParentObject: {fileID: 0}
  m_PrefabInternal: {fileID: 100100000}
  m_GameObject: {fileID: 113274}
  m_LocalRotation: {x: 0, y: 0, z: 0, w: 1}
  m_LocalPosition: {x: -9.96351051, y: 177.837128, z: 7}
  m_LocalScale: {x: 1, y: 1, z: 1}
  m_Children: []
  m_Father: {fileID: 480658}
  m_RootOrder: 1
--- !u!4 &418660
Transform:
  m_ObjectHideFlags: 1
  m_PrefabParentObject: {fileID: 0}
  m_PrefabInternal: {fileID: 100100000}
  m_GameObject: {fileID: 148420}
  m_LocalRotation: {x: 0, y: 0, z: 0, w: 1}
  m_LocalPosition: {x: 15.7864914, y: -3.54286194, z: 7}
  m_LocalScale: {x: 1, y: 1, z: 1}
  m_Children: []
  m_Father: {fileID: 480658}
  m_RootOrder: 0
--- !u!4 &437962
Transform:
  m_ObjectHideFlags: 1
  m_PrefabParentObject: {fileID: 0}
  m_PrefabInternal: {fileID: 100100000}
  m_GameObject: {fileID: 132566}
  m_LocalRotation: {x: 0, y: 0, z: 0, w: 1}
  m_LocalPosition: {x: -41.153511, y: 134.727142, z: 7}
  m_LocalScale: {x: 1, y: 1, z: 1}
  m_Children: []
  m_Father: {fileID: 480658}
  m_RootOrder: 2
--- !u!4 &442628
Transform:
  m_ObjectHideFlags: 1
  m_PrefabParentObject: {fileID: 0}
  m_PrefabInternal: {fileID: 100100000}
  m_GameObject: {fileID: 156522}
  m_LocalRotation: {x: 0, y: 0, z: 0, w: 1}
  m_LocalPosition: {x: -10.2935104, y: -16.4628601, z: 7}
  m_LocalScale: {x: 1, y: 1, z: 1}
  m_Children: []
  m_Father: {fileID: 480658}
  m_RootOrder: 6
--- !u!4 &453818
Transform:
  m_ObjectHideFlags: 1
  m_PrefabParentObject: {fileID: 0}
  m_PrefabInternal: {fileID: 100100000}
  m_GameObject: {fileID: 100176}
  m_LocalRotation: {x: 0, y: 0, z: 0, w: 1}
  m_LocalPosition: {x: 5.61648941, y: 46.7171326, z: 7}
  m_LocalScale: {x: 1, y: 1, z: 1}
  m_Children: []
  m_Father: {fileID: 480658}
  m_RootOrder: 4
--- !u!4 &458154
Transform:
  m_ObjectHideFlags: 1
  m_PrefabParentObject: {fileID: 0}
  m_PrefabInternal: {fileID: 100100000}
  m_GameObject: {fileID: 196998}
  m_LocalRotation: {x: 0, y: 0, z: 0, w: 1}
  m_LocalPosition: {x: 11.3364906, y: -22.862854, z: 7}
  m_LocalScale: {x: 1, y: 1, z: 1}
  m_Children: []
  m_Father: {fileID: 480658}
  m_RootOrder: 5
--- !u!4 &460124
Transform:
  m_ObjectHideFlags: 1
  m_PrefabParentObject: {fileID: 0}
  m_PrefabInternal: {fileID: 100100000}
  m_GameObject: {fileID: 170950}
  m_LocalRotation: {x: 0, y: 0, z: 0, w: 1}
  m_LocalPosition: {x: .0864906311, y: 6.07714844, z: 7}
  m_LocalScale: {x: 1, y: 1, z: 1}
  m_Children: []
  m_Father: {fileID: 480658}
  m_RootOrder: 7
--- !u!4 &480658
Transform:
  m_ObjectHideFlags: 1
  m_PrefabParentObject: {fileID: 0}
  m_PrefabInternal: {fileID: 100100000}
  m_GameObject: {fileID: 157960}
  m_LocalRotation: {x: 0, y: 0, z: 0, w: 1}
  m_LocalPosition: {x: 36.1135101, y: 234.272858, z: 0}
  m_LocalScale: {x: 1, y: 1, z: 1}
  m_Children:
  - {fileID: 418660}
  - {fileID: 409222}
  - {fileID: 437962}
  - {fileID: 484636}
  - {fileID: 453818}
  - {fileID: 458154}
  - {fileID: 442628}
  - {fileID: 460124}
  m_Father: {fileID: 0}
  m_RootOrder: 0
--- !u!4 &484636
Transform:
  m_ObjectHideFlags: 1
  m_PrefabParentObject: {fileID: 0}
  m_PrefabInternal: {fileID: 100100000}
  m_GameObject: {fileID: 146186}
  m_LocalRotation: {x: 0, y: 0, z: 0, w: 1}
  m_LocalPosition: {x: -1.70351028, y: 101.247131, z: 7}
  m_LocalScale: {x: 1, y: 1, z: 1}
  m_Children: []
  m_Father: {fileID: 480658}
  m_RootOrder: 3
--- !u!23 &2302022
MeshRenderer:
  m_ObjectHideFlags: 1
  m_PrefabParentObject: {fileID: 0}
  m_PrefabInternal: {fileID: 100100000}
  m_GameObject: {fileID: 148420}
  m_Enabled: 1
  m_CastShadows: 1
  m_ReceiveShadows: 1
  m_Materials:
  - {fileID: 2100000, guid: 4bef843b5392bed42a2750b158fb7e79, type: 2}
  - {fileID: 2100000, guid: b0282c60e7c92084aace80043f584819, type: 2}
  m_SubsetIndices: 
  m_StaticBatchRoot: {fileID: 0}
  m_UseLightProbes: 1
  m_ReflectionProbeUsage: 1
  m_ProbeAnchor: {fileID: 0}
  m_ScaleInLightmap: 1
  m_PreserveUVs: 0
  m_ImportantGI: 0
  m_AutoUVMaxDistance: .5
  m_AutoUVMaxAngle: 89
  m_LightmapParameters: {fileID: 0}
  m_SortingLayerID: 0
  m_SortingOrder: 0
--- !u!23 &2303818
MeshRenderer:
  m_ObjectHideFlags: 1
  m_PrefabParentObject: {fileID: 0}
  m_PrefabInternal: {fileID: 100100000}
  m_GameObject: {fileID: 196998}
  m_Enabled: 1
  m_CastShadows: 1
  m_ReceiveShadows: 1
  m_Materials:
  - {fileID: 2100000, guid: 4bef843b5392bed42a2750b158fb7e79, type: 2}
  - {fileID: 2100000, guid: b0282c60e7c92084aace80043f584819, type: 2}
  m_SubsetIndices: 
  m_StaticBatchRoot: {fileID: 0}
  m_UseLightProbes: 1
  m_ReflectionProbeUsage: 1
  m_ProbeAnchor: {fileID: 0}
  m_ScaleInLightmap: 1
  m_PreserveUVs: 0
  m_ImportantGI: 0
  m_AutoUVMaxDistance: .5
  m_AutoUVMaxAngle: 89
  m_LightmapParameters: {fileID: 0}
  m_SortingLayerID: 0
  m_SortingOrder: 0
--- !u!23 &2323068
MeshRenderer:
  m_ObjectHideFlags: 1
  m_PrefabParentObject: {fileID: 0}
  m_PrefabInternal: {fileID: 100100000}
  m_GameObject: {fileID: 132566}
  m_Enabled: 1
  m_CastShadows: 1
  m_ReceiveShadows: 1
  m_Materials:
  - {fileID: 2100000, guid: 4bef843b5392bed42a2750b158fb7e79, type: 2}
  - {fileID: 2100000, guid: b0282c60e7c92084aace80043f584819, type: 2}
  m_SubsetIndices: 
  m_StaticBatchRoot: {fileID: 0}
  m_UseLightProbes: 1
  m_ReflectionProbeUsage: 1
  m_ProbeAnchor: {fileID: 0}
  m_ScaleInLightmap: 1
  m_PreserveUVs: 0
  m_ImportantGI: 0
  m_AutoUVMaxDistance: .5
  m_AutoUVMaxAngle: 89
  m_LightmapParameters: {fileID: 0}
  m_SortingLayerID: 0
  m_SortingOrder: 0
--- !u!23 &2331188
MeshRenderer:
  m_ObjectHideFlags: 1
  m_PrefabParentObject: {fileID: 0}
  m_PrefabInternal: {fileID: 100100000}
  m_GameObject: {fileID: 113274}
  m_Enabled: 1
  m_CastShadows: 1
  m_ReceiveShadows: 1
  m_Materials:
  - {fileID: 2100000, guid: 4bef843b5392bed42a2750b158fb7e79, type: 2}
  - {fileID: 2100000, guid: b0282c60e7c92084aace80043f584819, type: 2}
  m_SubsetIndices: 
  m_StaticBatchRoot: {fileID: 0}
  m_UseLightProbes: 1
  m_ReflectionProbeUsage: 1
  m_ProbeAnchor: {fileID: 0}
  m_ScaleInLightmap: 1
  m_PreserveUVs: 0
  m_ImportantGI: 0
  m_AutoUVMaxDistance: .5
  m_AutoUVMaxAngle: 89
  m_LightmapParameters: {fileID: 0}
  m_SortingLayerID: 0
  m_SortingOrder: 0
--- !u!23 &2347832
MeshRenderer:
  m_ObjectHideFlags: 1
  m_PrefabParentObject: {fileID: 0}
  m_PrefabInternal: {fileID: 100100000}
  m_GameObject: {fileID: 146186}
  m_Enabled: 1
  m_CastShadows: 1
  m_ReceiveShadows: 1
  m_Materials:
  - {fileID: 2100000, guid: 4bef843b5392bed42a2750b158fb7e79, type: 2}
  - {fileID: 2100000, guid: b0282c60e7c92084aace80043f584819, type: 2}
  m_SubsetIndices: 
  m_StaticBatchRoot: {fileID: 0}
  m_UseLightProbes: 1
  m_ReflectionProbeUsage: 1
  m_ProbeAnchor: {fileID: 0}
  m_ScaleInLightmap: 1
  m_PreserveUVs: 0
  m_ImportantGI: 0
  m_AutoUVMaxDistance: .5
  m_AutoUVMaxAngle: 89
  m_LightmapParameters: {fileID: 0}
  m_SortingLayerID: 0
  m_SortingOrder: 0
--- !u!23 &2362496
MeshRenderer:
  m_ObjectHideFlags: 1
  m_PrefabParentObject: {fileID: 0}
  m_PrefabInternal: {fileID: 100100000}
  m_GameObject: {fileID: 156522}
  m_Enabled: 1
  m_CastShadows: 1
  m_ReceiveShadows: 1
  m_Materials:
  - {fileID: 2100000, guid: 4bef843b5392bed42a2750b158fb7e79, type: 2}
  - {fileID: 2100000, guid: b0282c60e7c92084aace80043f584819, type: 2}
  m_SubsetIndices: 
  m_StaticBatchRoot: {fileID: 0}
  m_UseLightProbes: 1
  m_ReflectionProbeUsage: 1
  m_ProbeAnchor: {fileID: 0}
  m_ScaleInLightmap: 1
  m_PreserveUVs: 0
  m_ImportantGI: 0
  m_AutoUVMaxDistance: .5
  m_AutoUVMaxAngle: 89
  m_LightmapParameters: {fileID: 0}
  m_SortingLayerID: 0
  m_SortingOrder: 0
--- !u!23 &2365308
MeshRenderer:
  m_ObjectHideFlags: 1
  m_PrefabParentObject: {fileID: 0}
  m_PrefabInternal: {fileID: 100100000}
  m_GameObject: {fileID: 170950}
  m_Enabled: 1
  m_CastShadows: 1
  m_ReceiveShadows: 1
  m_Materials:
  - {fileID: 2100000, guid: 4bef843b5392bed42a2750b158fb7e79, type: 2}
  - {fileID: 2100000, guid: b0282c60e7c92084aace80043f584819, type: 2}
  m_SubsetIndices: 
  m_StaticBatchRoot: {fileID: 0}
  m_UseLightProbes: 1
  m_ReflectionProbeUsage: 1
  m_ProbeAnchor: {fileID: 0}
  m_ScaleInLightmap: 1
  m_PreserveUVs: 0
  m_ImportantGI: 0
  m_AutoUVMaxDistance: .5
  m_AutoUVMaxAngle: 89
  m_LightmapParameters: {fileID: 0}
  m_SortingLayerID: 0
  m_SortingOrder: 0
--- !u!23 &2382042
MeshRenderer:
  m_ObjectHideFlags: 1
  m_PrefabParentObject: {fileID: 0}
  m_PrefabInternal: {fileID: 100100000}
  m_GameObject: {fileID: 100176}
  m_Enabled: 1
  m_CastShadows: 1
  m_ReceiveShadows: 1
  m_Materials:
  - {fileID: 2100000, guid: 4bef843b5392bed42a2750b158fb7e79, type: 2}
  - {fileID: 2100000, guid: b0282c60e7c92084aace80043f584819, type: 2}
  m_SubsetIndices: 
  m_StaticBatchRoot: {fileID: 0}
  m_UseLightProbes: 1
  m_ReflectionProbeUsage: 1
  m_ProbeAnchor: {fileID: 0}
  m_ScaleInLightmap: 1
  m_PreserveUVs: 0
  m_ImportantGI: 0
  m_AutoUVMaxDistance: .5
  m_AutoUVMaxAngle: 89
  m_LightmapParameters: {fileID: 0}
  m_SortingLayerID: 0
  m_SortingOrder: 0
--- !u!33 &3305170
MeshFilter:
  m_ObjectHideFlags: 1
  m_PrefabParentObject: {fileID: 0}
  m_PrefabInternal: {fileID: 100100000}
  m_GameObject: {fileID: 148420}
  m_Mesh: {fileID: 4300000, guid: 2e5035ad0b00037449348db91232b96f, type: 2}
--- !u!33 &3306382
MeshFilter:
  m_ObjectHideFlags: 1
  m_PrefabParentObject: {fileID: 0}
  m_PrefabInternal: {fileID: 100100000}
  m_GameObject: {fileID: 132566}
  m_Mesh: {fileID: 4300000, guid: e9c7723a64b7dbf4bb1a3aa5d38e54e2, type: 2}
--- !u!33 &3321342
MeshFilter:
  m_ObjectHideFlags: 1
  m_PrefabParentObject: {fileID: 0}
  m_PrefabInternal: {fileID: 100100000}
  m_GameObject: {fileID: 146186}
  m_Mesh: {fileID: 4300000, guid: 477d68404a447da429a28fae9d3f371f, type: 2}
--- !u!33 &3321904
MeshFilter:
  m_ObjectHideFlags: 1
  m_PrefabParentObject: {fileID: 0}
  m_PrefabInternal: {fileID: 100100000}
  m_GameObject: {fileID: 100176}
  m_Mesh: {fileID: 4300000, guid: 5c5a01b5ebbc4e94a9fbdbf5da64e08e, type: 2}
--- !u!33 &3332842
MeshFilter:
  m_ObjectHideFlags: 1
  m_PrefabParentObject: {fileID: 0}
  m_PrefabInternal: {fileID: 100100000}
  m_GameObject: {fileID: 113274}
  m_Mesh: {fileID: 4300000, guid: 51d53258e77b0f04e81bf9e3ce58dd7d, type: 2}
--- !u!33 &3339052
MeshFilter:
  m_ObjectHideFlags: 1
  m_PrefabParentObject: {fileID: 0}
  m_PrefabInternal: {fileID: 100100000}
  m_GameObject: {fileID: 156522}
  m_Mesh: {fileID: 4300000, guid: 6cfeee0a57d4f4b4d991f3d49309e2e2, type: 2}
--- !u!33 &3365086
MeshFilter:
  m_ObjectHideFlags: 1
  m_PrefabParentObject: {fileID: 0}
  m_PrefabInternal: {fileID: 100100000}
  m_GameObject: {fileID: 196998}
  m_Mesh: {fileID: 4300000, guid: b3d71ac9733473b48895c179d44f25db, type: 2}
--- !u!33 &3383230
MeshFilter:
  m_ObjectHideFlags: 1
  m_PrefabParentObject: {fileID: 0}
  m_PrefabInternal: {fileID: 100100000}
  m_GameObject: {fileID: 170950}
  m_Mesh: {fileID: 4300000, guid: 59a2db5a9ee7dc84e88d2c90978b7817, type: 2}
--- !u!114 &11401684
MonoBehaviour:
  m_ObjectHideFlags: 1
  m_PrefabParentObject: {fileID: 0}
  m_PrefabInternal: {fileID: 100100000}
  m_GameObject: {fileID: 148420}
  m_Enabled: 1
  m_EditorHideFlags: 0
  m_Script: {fileID: 11500000, guid: 153f28ebef7ee024d94614d7ff3d7de9, type: 3}
  m_Name: 
  m_EditorClassIdentifier: 
  closed: 1
  pathVerts:
  - {x: -6, y: -3}
  - {x: -6, y: 3}
  - {x: -1.89758301, y: 4.30027771}
  - {x: -1.07636261, y: 9.38401794}
  - {x: 2.42144394, y: 12.8638611}
  - {x: 6, y: 3}
  - {x: 6, y: -3}
--- !u!114 &11405130
MonoBehaviour:
  m_ObjectHideFlags: 1
  m_PrefabParentObject: {fileID: 0}
  m_PrefabInternal: {fileID: 100100000}
  m_GameObject: {fileID: 156522}
  m_Enabled: 1
  m_EditorHideFlags: 0
  m_Script: {fileID: 11500000, guid: 153f28ebef7ee024d94614d7ff3d7de9, type: 3}
  m_Name: 
  m_EditorClassIdentifier: 
  closed: 1
  pathVerts:
  - {x: -6, y: -3}
  - {x: -6, y: 3}
  - {x: -.49694252, y: 3.81005859}
  - {x: -.130929947, y: 10.6795959}
  - {x: 4.87256432, y: 10.7979126}
  - {x: 9.87610245, y: 10.0760651}
  - {x: 8.47546387, y: 5.17382812}
  - {x: 5.98932457, y: 5.0337677}
  - {x: 6, y: 3}
  - {x: 5.84934616, y: -3.93095398}
  - {x: 2.04328156, y: -3.40078735}
  - {x: 2.7735405, y: -8.02186584}
  - {x: 1.71874619, y: -9.73904419}
  - {x: 1.89628983, y: -18.6663666}
  - {x: -2.53672791, y: -18.7384644}
--- !u!114 &11409470
MonoBehaviour:
  m_ObjectHideFlags: 1
  m_PrefabParentObject: {fileID: 0}
  m_PrefabInternal: {fileID: 100100000}
  m_GameObject: {fileID: 146186}
  m_Enabled: 1
  m_EditorHideFlags: 0
  m_Script: {fileID: 11500000, guid: 153f28ebef7ee024d94614d7ff3d7de9, type: 3}
  m_Name: 
  m_EditorClassIdentifier: 
  closed: 1
  pathVerts:
  - {x: -2.21576691, y: -12.2583618}
  - {x: -3.06050873, y: -10.1111755}
  - {x: -3.02221298, y: -8.46691895}
  - {x: -4.98967743, y: -8.87365723}
  - {x: -11.5805473, y: -8.02008057}
  - {x: -12.0496635, y: -1.56442261}
  - {x: -9.38322639, y: 5.42379761}
  - {x: -5.03765488, y: 5.8416748}
  - {x: -1.07636261, y: 9.38401794}
  - {x: 3.33037186, y: 9.48065186}
  - {x: 3.24587631, y: 6.59710693}
  - {x: 10.8707237, y: 5.5869751}
  - {x: 10.8957481, y: 1.94775391}
  - {x: 14.5937729, y: 2.07653809}
  - {x: 16.3243637, y: 1.42016602}
  - {x: 15.7389565, y: -3.37719727}
  - {x: 14.8005943, y: -8.7696228}
  - {x: 7.4779892, y: -12.2261658}
--- !u!114 &11415936
MonoBehaviour:
  m_ObjectHideFlags: 1
  m_PrefabParentObject: {fileID: 0}
  m_PrefabInternal: {fileID: 100100000}
  m_GameObject: {fileID: 100176}
  m_Enabled: 1
  m_EditorHideFlags: 0
  m_Script: {fileID: 11500000, guid: 153f28ebef7ee024d94614d7ff3d7de9, type: 3}
  m_Name: 
  m_EditorClassIdentifier: 
  closed: 1
  pathVerts:
  - {x: -3.17518997, y: -12.8643188}
  - {x: -3.06050873, y: -10.1111755}
  - {x: -3.02221298, y: -8.46691895}
  - {x: -3.32331467, y: -4.6824646}
  - {x: -2.94573975, y: -1.35458374}
  - {x: -4.47527313, y: -.85748291}
  - {x: -6, y: 3}
  - {x: -1.55343628, y: 3.11489868}
  - {x: -1.07636261, y: 9.38401794}
  - {x: 2.42144394, y: 12.8638611}
  - {x: 5.54317474, y: -1.8899231}
  - {x: 1.71730804, y: -2.46807861}
  - {x: 1.83202744, y: -5.44726562}
  - {x: 5.08431244, y: -5.59902954}
  - {x: 5.96380234, y: -1.85165405}
  - {x: 11.1641922, y: -9.49935913}
--- !u!114 &11425788
MonoBehaviour:
  m_ObjectHideFlags: 1
  m_PrefabParentObject: {fileID: 0}
  m_PrefabInternal: {fileID: 100100000}
  m_GameObject: {fileID: 196998}
  m_Enabled: 1
  m_EditorHideFlags: 0
  m_Script: {fileID: 11500000, guid: c6f66502d17e51d4aae0b1e16d1903a4, type: 3}
  m_Name: 
  m_EditorClassIdentifier: 
  fill: 0
  fillY: 0
  fillZ: .0500000007
  splitCorners: 1
  smoothPath: 1
  splitCount: 2
  splitDist: 1
  splitMiddle: 1
  pixelsPerUnit: 200
  vertexColor: {r: 1, g: 1, b: 1, a: .340999991}
  stretchThreshold: .5
  createTangents: 0
  randomByWorldCoordinates: 0
  uvOffset: {x: 0, y: 0}
  slantAmount: 0
  fillSplit: 0
  fillSplitDistance: 4
  createCollider: 0
  create3DCollider: 0
  usedByEffector: 0
  useEdgeCollider: 0
  isTrigger: 0
  depth: 4
  smoothSphereCollisions: 0
  sharpCorners: 0
  sharpCornerDistance: 2
  surfaceOffset:
  - 0
  - 0
  - 0
  - 0
  physicsMaterial: {fileID: 0}
  physicsMaterial2D: {fileID: 0}
  collidersLeft: 1
  collidersRight: 1
  collidersTop: 1
  collidersBottom: 1
  colliderThickness: .100000001
  directionOverrides: 640000006400000064000000640000006400000064000000640000006400000064000000640000006400000064000000640000006400000064000000
  vertScales:
  - 1
  - 1
  - 1
  - 1
  - 1
  - 1
  - 1
  - 1
  - 1
  - 1
  - 1
  - 1
  - 1
  - 1
  - 1
  terrainMaterial: {fileID: 11448708, guid: a461c2f58a12dc842b1140171f1edf82, type: 2}
--- !u!114 &11430722
MonoBehaviour:
  m_ObjectHideFlags: 1
  m_PrefabParentObject: {fileID: 0}
  m_PrefabInternal: {fileID: 100100000}
  m_GameObject: {fileID: 132566}
  m_Enabled: 1
  m_EditorHideFlags: 0
  m_Script: {fileID: 11500000, guid: c6f66502d17e51d4aae0b1e16d1903a4, type: 3}
  m_Name: 
  m_EditorClassIdentifier: 
  fill: 0
  fillY: 0
  fillZ: .0500000007
  splitCorners: 1
  smoothPath: 1
  splitCount: 2
  splitDist: 1
  splitMiddle: 1
  pixelsPerUnit: 200
  vertexColor: {r: 1, g: 1, b: 1, a: .340999991}
  stretchThreshold: .5
  createTangents: 0
  randomByWorldCoordinates: 0
  uvOffset: {x: 0, y: 0}
  slantAmount: 0
  fillSplit: 0
  fillSplitDistance: 4
  createCollider: 0
  create3DCollider: 0
  usedByEffector: 0
  useEdgeCollider: 0
  isTrigger: 0
  depth: 4
  smoothSphereCollisions: 0
  sharpCorners: 0
  sharpCornerDistance: 2
  surfaceOffset:
  - 0
  - 0
  - 0
  - 0
  physicsMaterial: {fileID: 0}
  physicsMaterial2D: {fileID: 0}
  collidersLeft: 1
  collidersRight: 1
  collidersTop: 1
  collidersBottom: 1
  colliderThickness: .100000001
  directionOverrides: 640000006400000064000000640000006400000064000000640000006400000064000000640000006400000064000000640000006400000064000000640000006400000064000000
  vertScales:
  - 1
  - 1
  - 1
  - 1
  - 1
  - 1
  - 1
  - 1
  - 1
  - 1
  - 1
  - 1
  - 1
  - 1
  - 1
  - 1
  - 1
  - 1
  terrainMaterial: {fileID: 11448708, guid: a461c2f58a12dc842b1140171f1edf82, type: 2}
--- !u!114 &11437094
MonoBehaviour:
  m_ObjectHideFlags: 1
  m_PrefabParentObject: {fileID: 0}
  m_PrefabInternal: {fileID: 100100000}
  m_GameObject: {fileID: 170950}
  m_Enabled: 1
  m_EditorHideFlags: 0
  m_Script: {fileID: 11500000, guid: 153f28ebef7ee024d94614d7ff3d7de9, type: 3}
  m_Name: 
  m_EditorClassIdentifier: 
  closed: 1
  pathVerts:
  - {x: -6, y: -3}
  - {x: -1.26903915, y: 3.75195312}
  - {x: 1.64280701, y: 3.67367554}
  - {x: 1.83706284, y: 6.93380737}
  - {x: -1.38967133, y: 6.84623718}
  - {x: -8.22018242, y: 8.21859741}
  - {x: -14.5334816, y: 8.2364502}
  - {x: -16.2857628, y: 16.3718567}
  - {x: -4.81134033, y: 16.0471497}
  - {x: 3.71418381, y: 16.0777588}
  - {x: 4.7130394, y: 10.8227386}
  - {x: 9.82643127, y: 10.5370789}
  - {x: 9.51028442, y: 5.81512451}
  - {x: 6.63956451, y: 5.17840576}
  - {x: 6, y: -3}
--- !u!114 &11440966
MonoBehaviour:
  m_ObjectHideFlags: 1
  m_PrefabParentObject: {fileID: 0}
  m_PrefabInternal: {fileID: 100100000}
  m_GameObject: {fileID: 132566}
  m_Enabled: 1
  m_EditorHideFlags: 0
  m_Script: {fileID: 11500000, guid: 153f28ebef7ee024d94614d7ff3d7de9, type: 3}
  m_Name: 
  m_EditorClassIdentifier: 
  closed: 1
  pathVerts:
  - {x: -2.21576691, y: -12.2583618}
  - {x: -3.06050873, y: -10.1111755}
  - {x: -3.02221298, y: -8.46691895}
  - {x: -4.98967743, y: -8.87365723}
  - {x: -11.5805473, y: -8.02008057}
  - {x: -12.0496635, y: -1.56442261}
  - {x: -9.38322639, y: 5.42379761}
  - {x: -5.03765488, y: 5.8416748}
  - {x: -1.07636261, y: 9.38401794}
  - {x: 3.33037186, y: 9.48065186}
  - {x: 3.24587631, y: 6.59710693}
  - {x: 10.8707237, y: 5.5869751}
  - {x: 10.8957481, y: 1.94775391}
  - {x: 14.5937729, y: 2.07653809}
  - {x: 16.3243637, y: 1.42016602}
  - {x: 15.7389565, y: -3.37719727}
  - {x: 14.8005943, y: -8.7696228}
  - {x: 7.4779892, y: -12.2261658}
--- !u!114 &11445546
MonoBehaviour:
  m_ObjectHideFlags: 1
  m_PrefabParentObject: {fileID: 0}
  m_PrefabInternal: {fileID: 100100000}
  m_GameObject: {fileID: 113274}
  m_Enabled: 1
  m_EditorHideFlags: 0
  m_Script: {fileID: 11500000, guid: 153f28ebef7ee024d94614d7ff3d7de9, type: 3}
  m_Name: 
  m_EditorClassIdentifier: 
  closed: 1
  pathVerts:
  - {x: -2.21576691, y: -12.2583618}
  - {x: -2.33789825, y: -8.42510986}
  - {x: -5.53163528, y: -8.33172607}
  - {x: -11.5805473, y: -8.02008057}
  - {x: -12.0496635, y: -1.56442261}
  - {x: -9.38322639, y: 5.42379761}
  - {x: -5.03765488, y: 5.8416748}
  - {x: -1.07636261, y: 9.38401794}
  - {x: 3.33037186, y: 9.48065186}
  - {x: 3.24587631, y: 6.59710693}
  - {x: 10.8707237, y: 5.5869751}
  - {x: 10.8957481, y: 1.94775391}
  - {x: 14.5937729, y: 2.07653809}
  - {x: 16.3243637, y: 1.42016602}
  - {x: 15.7389565, y: -3.37719727}
  - {x: 14.8005943, y: -8.7696228}
  - {x: 7.4779892, y: -12.2261658}
--- !u!114 &11450558
MonoBehaviour:
  m_ObjectHideFlags: 1
  m_PrefabParentObject: {fileID: 0}
  m_PrefabInternal: {fileID: 100100000}
  m_GameObject: {fileID: 113274}
  m_Enabled: 1
  m_EditorHideFlags: 0
  m_Script: {fileID: 11500000, guid: c6f66502d17e51d4aae0b1e16d1903a4, type: 3}
  m_Name: 
  m_EditorClassIdentifier: 
  fill: 0
  fillY: 0
  fillZ: .0500000007
  splitCorners: 1
  smoothPath: 1
  splitCount: 2
  splitDist: 1
  splitMiddle: 1
  pixelsPerUnit: 200
  vertexColor: {r: 1, g: 1, b: 1, a: .340999991}
  stretchThreshold: .5
  createTangents: 0
  randomByWorldCoordinates: 0
  uvOffset: {x: 0, y: 0}
  slantAmount: 0
  fillSplit: 0
  fillSplitDistance: 4
  createCollider: 0
  create3DCollider: 0
  usedByEffector: 0
  useEdgeCollider: 0
  isTrigger: 0
  depth: 4
  smoothSphereCollisions: 0
  sharpCorners: 0
  sharpCornerDistance: 2
  surfaceOffset:
  - 0
  - 0
  - 0
  - 0
  physicsMaterial: {fileID: 0}
  physicsMaterial2D: {fileID: 0}
  collidersLeft: 1
  collidersRight: 1
  collidersTop: 1
  collidersBottom: 1
  colliderThickness: .100000001
  directionOverrides: 6400000064000000640000006400000064000000640000006400000064000000640000006400000064000000640000006400000064000000640000006400000064000000
  vertScales:
  - 1
  - 1
  - 1
  - 1
  - 1
  - 1
  - 1
  - 1
  - 1
  - 1
  - 1
  - 1
  - 1
  - 1
  - 1
  - 1
  - 1
  terrainMaterial: {fileID: 11448708, guid: a461c2f58a12dc842b1140171f1edf82, type: 2}
--- !u!114 &11457764
MonoBehaviour:
  m_ObjectHideFlags: 1
  m_PrefabParentObject: {fileID: 0}
  m_PrefabInternal: {fileID: 100100000}
  m_GameObject: {fileID: 100176}
  m_Enabled: 1
  m_EditorHideFlags: 0
  m_Script: {fileID: 11500000, guid: c6f66502d17e51d4aae0b1e16d1903a4, type: 3}
  m_Name: 
  m_EditorClassIdentifier: 
  fill: 0
  fillY: 0
  fillZ: .0500000007
  splitCorners: 1
  smoothPath: 1
  splitCount: 2
  splitDist: 1
  splitMiddle: 1
  pixelsPerUnit: 200
  vertexColor: {r: 1, g: 1, b: 1, a: .340999991}
  stretchThreshold: .5
  createTangents: 0
  randomByWorldCoordinates: 0
  uvOffset: {x: 0, y: 0}
  slantAmount: 0
  fillSplit: 0
  fillSplitDistance: 4
  createCollider: 0
  create3DCollider: 0
  usedByEffector: 0
  useEdgeCollider: 0
  isTrigger: 0
  depth: 4
  smoothSphereCollisions: 0
  sharpCorners: 0
  sharpCornerDistance: 2
  surfaceOffset:
  - 0
  - 0
  - 0
  - 0
  physicsMaterial: {fileID: 0}
  physicsMaterial2D: {fileID: 0}
  collidersLeft: 1
  collidersRight: 1
  collidersTop: 1
  collidersBottom: 1
  colliderThickness: .100000001
  directionOverrides: 64000000640000006400000064000000640000006400000064000000640000006400000064000000640000006400000064000000640000006400000064000000
  vertScales:
  - 1
  - 1
  - 1
  - 1
  - 1
  - 1
  - 1
  - 1
  - 1
  - 1
  - 1
  - 1
  - 1
  - 1
  - 1
  - 1
  terrainMaterial: {fileID: 11448708, guid: a461c2f58a12dc842b1140171f1edf82, type: 2}
--- !u!114 &11471442
MonoBehaviour:
  m_ObjectHideFlags: 1
  m_PrefabParentObject: {fileID: 0}
  m_PrefabInternal: {fileID: 100100000}
  m_GameObject: {fileID: 170950}
  m_Enabled: 1
  m_EditorHideFlags: 0
  m_Script: {fileID: 11500000, guid: c6f66502d17e51d4aae0b1e16d1903a4, type: 3}
  m_Name: 
  m_EditorClassIdentifier: 
  fill: 0
  fillY: 0
  fillZ: .0500000007
  splitCorners: 1
  smoothPath: 1
  splitCount: 2
  splitDist: 1
  splitMiddle: 1
  pixelsPerUnit: 200
  vertexColor: {r: 1, g: 1, b: 1, a: .340999991}
  stretchThreshold: .5
  createTangents: 0
  randomByWorldCoordinates: 0
  uvOffset: {x: 0, y: 0}
  slantAmount: 0
  fillSplit: 0
  fillSplitDistance: 4
  createCollider: 0
  create3DCollider: 0
  usedByEffector: 0
  useEdgeCollider: 0
  isTrigger: 0
  depth: 4
  smoothSphereCollisions: 0
  sharpCorners: 0
  sharpCornerDistance: 2
  surfaceOffset:
  - 0
  - 0
  - 0
  - 0
  physicsMaterial: {fileID: 0}
  physicsMaterial2D: {fileID: 0}
  collidersLeft: 1
  collidersRight: 1
  collidersTop: 1
  collidersBottom: 1
  colliderThickness: .100000001
  directionOverrides: 640000006400000064000000640000006400000064000000640000006400000064000000640000006400000064000000640000006400000064000000
  vertScales:
  - 1
  - 1
  - 1
  - 1
  - 1
  - 1
  - 1
  - 1
  - 1
  - 1
  - 1
  - 1
  - 1
  - 1
  - 1
  terrainMaterial: {fileID: 11448708, guid: a461c2f58a12dc842b1140171f1edf82, type: 2}
--- !u!114 &11471886
MonoBehaviour:
  m_ObjectHideFlags: 1
  m_PrefabParentObject: {fileID: 0}
  m_PrefabInternal: {fileID: 100100000}
  m_GameObject: {fileID: 196998}
  m_Enabled: 1
  m_EditorHideFlags: 0
  m_Script: {fileID: 11500000, guid: 153f28ebef7ee024d94614d7ff3d7de9, type: 3}
  m_Name: 
  m_EditorClassIdentifier: 
  closed: 1
  pathVerts:
  - {x: -5.41453552, y: -2.52430725}
  - {x: -6, y: 3}
  - {x: -.49694252, y: 3.81005859}
  - {x: -.130929947, y: 10.6795959}
  - {x: 4.87256432, y: 10.7979126}
  - {x: 9.87610245, y: 10.0760651}
  - {x: 8.47546387, y: 5.17382812}
  - {x: 5.98932457, y: 5.0337677}
  - {x: 6, y: 3}
  - {x: 5.84934616, y: -3.93095398}
  - {x: 8.30046844, y: -6.76724243}
  - {x: 8.51844406, y: -9.52212524}
  - {x: 5.92680168, y: -9.55613708}
  - {x: 5.33591461, y: -13.5069427}
  - {x: -5.28110886, y: -14.2010803}
--- !u!114 &11488752
MonoBehaviour:
  m_ObjectHideFlags: 1
  m_PrefabParentObject: {fileID: 0}
  m_PrefabInternal: {fileID: 100100000}
  m_GameObject: {fileID: 156522}
  m_Enabled: 1
  m_EditorHideFlags: 0
  m_Script: {fileID: 11500000, guid: c6f66502d17e51d4aae0b1e16d1903a4, type: 3}
  m_Name: 
  m_EditorClassIdentifier: 
  fill: 0
  fillY: 0
  fillZ: .0500000007
  splitCorners: 1
  smoothPath: 1
  splitCount: 2
  splitDist: 1
  splitMiddle: 1
  pixelsPerUnit: 200
  vertexColor: {r: 1, g: 1, b: 1, a: .340999991}
  stretchThreshold: .5
  createTangents: 0
  randomByWorldCoordinates: 0
  uvOffset: {x: 0, y: 0}
  slantAmount: 0
  fillSplit: 0
  fillSplitDistance: 4
  createCollider: 0
  create3DCollider: 0
  usedByEffector: 0
  useEdgeCollider: 0
  isTrigger: 0
  depth: 4
  smoothSphereCollisions: 0
  sharpCorners: 0
  sharpCornerDistance: 2
  surfaceOffset:
  - 0
  - 0
  - 0
  - 0
  physicsMaterial: {fileID: 0}
  physicsMaterial2D: {fileID: 0}
  collidersLeft: 1
  collidersRight: 1
  collidersTop: 1
  collidersBottom: 1
  colliderThickness: .100000001
  directionOverrides: 640000006400000064000000640000006400000064000000640000006400000064000000640000006400000064000000640000006400000064000000
  vertScales:
  - 1
  - 1
  - 1
  - 1
  - 1
  - 1
  - 1
  - 1
  - 1
  - 1
  - 1
  - 1
  - 1
  - 1
  - 1
  terrainMaterial: {fileID: 11448708, guid: a461c2f58a12dc842b1140171f1edf82, type: 2}
--- !u!114 &11491786
MonoBehaviour:
  m_ObjectHideFlags: 1
  m_PrefabParentObject: {fileID: 0}
  m_PrefabInternal: {fileID: 100100000}
  m_GameObject: {fileID: 148420}
  m_Enabled: 1
  m_EditorHideFlags: 0
  m_Script: {fileID: 11500000, guid: c6f66502d17e51d4aae0b1e16d1903a4, type: 3}
  m_Name: 
  m_EditorClassIdentifier: 
  fill: 0
  fillY: 0
  fillZ: .0500000007
  splitCorners: 1
  smoothPath: 1
  splitCount: 2
  splitDist: 1
  splitMiddle: 1
  pixelsPerUnit: 200
  vertexColor: {r: 1, g: 1, b: 1, a: .340999991}
  stretchThreshold: .5
  createTangents: 0
  randomByWorldCoordinates: 0
  uvOffset: {x: 0, y: 0}
  slantAmount: 0
  fillSplit: 0
  fillSplitDistance: 4
  createCollider: 0
  create3DCollider: 0
  usedByEffector: 0
  useEdgeCollider: 0
  isTrigger: 0
  depth: 4
  smoothSphereCollisions: 0
  sharpCorners: 0
  sharpCornerDistance: 2
  surfaceOffset:
  - 0
  - 0
  - 0
  - 0
  physicsMaterial: {fileID: 0}
  physicsMaterial2D: {fileID: 0}
  collidersLeft: 1
  collidersRight: 1
  collidersTop: 1
  collidersBottom: 1
  colliderThickness: .100000001
  directionOverrides: 64000000640000006400000064000000640000006400000064000000
  vertScales:
  - 1
  - 1
  - 1
  - 1
  - 1
  - 1
  - 1
  terrainMaterial: {fileID: 11448708, guid: a461c2f58a12dc842b1140171f1edf82, type: 2}
--- !u!114 &11495878
MonoBehaviour:
  m_ObjectHideFlags: 1
  m_PrefabParentObject: {fileID: 0}
  m_PrefabInternal: {fileID: 100100000}
  m_GameObject: {fileID: 146186}
  m_Enabled: 1
  m_EditorHideFlags: 0
  m_Script: {fileID: 11500000, guid: c6f66502d17e51d4aae0b1e16d1903a4, type: 3}
  m_Name: 
  m_EditorClassIdentifier: 
  fill: 0
  fillY: 0
  fillZ: .0500000007
  splitCorners: 1
  smoothPath: 1
  splitCount: 2
  splitDist: 1
  splitMiddle: 1
  pixelsPerUnit: 200
  vertexColor: {r: 1, g: 1, b: 1, a: .340999991}
  stretchThreshold: .5
  createTangents: 0
  randomByWorldCoordinates: 0
  uvOffset: {x: 0, y: 0}
  slantAmount: 0
  fillSplit: 0
  fillSplitDistance: 4
  createCollider: 0
  create3DCollider: 0
  usedByEffector: 0
  useEdgeCollider: 0
  isTrigger: 0
  depth: 4
  smoothSphereCollisions: 0
  sharpCorners: 0
  sharpCornerDistance: 2
  surfaceOffset:
  - 0
  - 0
  - 0
  - 0
  physicsMaterial: {fileID: 0}
  physicsMaterial2D: {fileID: 0}
  collidersLeft: 1
  collidersRight: 1
  collidersTop: 1
  collidersBottom: 1
  colliderThickness: .100000001
  directionOverrides: 640000006400000064000000640000006400000064000000640000006400000064000000640000006400000064000000640000006400000064000000640000006400000064000000
  vertScales:
  - 1
  - 1
  - 1
  - 1
  - 1
  - 1
  - 1
  - 1
  - 1
  - 1
  - 1
  - 1
  - 1
  - 1
  - 1
  - 1
  - 1
  - 1
  terrainMaterial: {fileID: 11448708, guid: a461c2f58a12dc842b1140171f1edf82, type: 2}
--- !u!1001 &100100000
Prefab:
  m_ObjectHideFlags: 1
  serializedVersion: 2
  m_Modification:
    m_TransformParent: {fileID: 0}
    m_Modifications: []
    m_RemovedComponents: []
  m_ParentPrefab: {fileID: 0}
  m_RootGameObject: {fileID: 157960}
  m_IsPrefabParent: 1
