%YAML 1.1
%TAG !u! tag:unity3d.com,2011:
--- !u!1 &146706
GameObject:
  m_ObjectHideFlags: 0
  m_PrefabParentObject: {fileID: 0}
  m_PrefabInternal: {fileID: 100100000}
  serializedVersion: 4
  m_Component:
  - 4: {fileID: 452454}
  - 20: {fileID: 2000486}
  - 124: {fileID: 12495230}
  - 92: {fileID: 9263002}
  - 81: {fileID: 8119510}
  - 114: {fileID: 11485722}
  m_Layer: 0
  m_Name: P_CameraP2
  m_TagString: PlayerTwoCamera
  m_Icon: {fileID: 0}
  m_NavMeshLayer: 0
  m_StaticEditorFlags: 0
  m_IsActive: 1
--- !u!4 &452454
Transform:
  m_ObjectHideFlags: 1
  m_PrefabParentObject: {fileID: 0}
  m_PrefabInternal: {fileID: 100100000}
  m_GameObject: {fileID: 146706}
  m_LocalRotation: {x: 0, y: 0, z: 0, w: 1}
  m_LocalPosition: {x: 45.4380379, y: 201.04628, z: -10}
  m_LocalScale: {x: 1, y: 1, z: 1}
  m_Children: []
  m_Father: {fileID: 0}
  m_RootOrder: 0
--- !u!20 &2000486
Camera:
  m_ObjectHideFlags: 1
  m_PrefabParentObject: {fileID: 0}
  m_PrefabInternal: {fileID: 100100000}
  m_GameObject: {fileID: 146706}
  m_Enabled: 1
  serializedVersion: 2
  m_ClearFlags: 1
  m_BackGroundColor: {r: .75686276, g: .850980401, b: 1, a: 0}
  m_NormalizedViewPortRect:
    serializedVersion: 2
    x: .50999999
    y: 0
    width: .49000001
    height: 1
  near clip plane: .300000012
  far clip plane: 1000
  field of view: 60
  orthographic: 1
  orthographic size: 10
  m_Depth: 0
  m_CullingMask:
    serializedVersion: 2
    m_Bits: 4294967295
  m_RenderingPath: -1
  m_TargetTexture: {fileID: 0}
  m_TargetDisplay: 0
  m_HDR: 0
  m_OcclusionCulling: 1
  m_StereoConvergence: 10
  m_StereoSeparation: .0219999999
  m_StereoMirrorMode: 0
--- !u!81 &8119510
AudioListener:
  m_ObjectHideFlags: 1
  m_PrefabParentObject: {fileID: 0}
  m_PrefabInternal: {fileID: 100100000}
  m_GameObject: {fileID: 146706}
  m_Enabled: 1
--- !u!92 &9263002
Behaviour:
  m_ObjectHideFlags: 1
  m_PrefabParentObject: {fileID: 0}
  m_PrefabInternal: {fileID: 100100000}
  m_GameObject: {fileID: 146706}
  m_Enabled: 1
--- !u!114 &11485722
MonoBehaviour:
  m_ObjectHideFlags: 1
  m_PrefabParentObject: {fileID: 0}
  m_PrefabInternal: {fileID: 100100000}
  m_GameObject: {fileID: 146706}
  m_Enabled: 1
  m_EditorHideFlags: 0
  m_Script: {fileID: 11500000, guid: b4bc7208c18c57947958a258036eac05, type: 3}
  m_Name: 
  m_EditorClassIdentifier: 
  target: {fileID: 0}
  offset: {x: 0, y: 4, z: -10}
  minForce: 10
  maxForce: 25
--- !u!124 &12495230
Behaviour:
  m_ObjectHideFlags: 1
  m_PrefabParentObject: {fileID: 0}
  m_PrefabInternal: {fileID: 100100000}
  m_GameObject: {fileID: 146706}
  m_Enabled: 1
--- !u!1001 &100100000
Prefab:
  m_ObjectHideFlags: 1
  serializedVersion: 2
  m_Modification:
    m_TransformParent: {fileID: 0}
    m_Modifications:
    - target: {fileID: 0}
      propertyPath: target
      value: 
      objectReference: {fileID: 22481766, guid: 39859fcbfb405374f8919054a22a2bd5,
        type: 2}
    - target: {fileID: 0}
      propertyPath: m_NormalizedViewPortRect.x
      value: .50999999
      objectReference: {fileID: 0}
    - target: {fileID: 0}
      propertyPath: m_NormalizedViewPortRect.width
      value: .49000001
      objectReference: {fileID: 0}
    - target: {fileID: 0}
      propertyPath: m_BackGroundColor.r
      value: .75686276
      objectReference: {fileID: 0}
    - target: {fileID: 0}
      propertyPath: m_BackGroundColor.g
      value: .850980401
      objectReference: {fileID: 0}
    - target: {fileID: 0}
      propertyPath: m_BackGroundColor.b
      value: 1
      objectReference: {fileID: 0}
    - target: {fileID: 0}
      propertyPath: m_BackGroundColor.a
      value: 0
      objectReference: {fileID: 0}
    m_RemovedComponents: []
  m_ParentPrefab: {fileID: 0}
  m_RootGameObject: {fileID: 146706}
  m_IsPrefabParent: 1
