%YAML 1.1
%TAG !u! tag:unity3d.com,2011:
--- !u!1 &131408
GameObject:
  m_ObjectHideFlags: 0
  m_PrefabParentObject: {fileID: 0}
  m_PrefabInternal: {fileID: 100100000}
  serializedVersion: 4
  m_Component:
  - 4: {fileID: 408616}
  - 212: {fileID: 21242636}
  m_Layer: 0
  m_Name: Surface_Side
  m_TagString: Untagged
  m_Icon: {fileID: 0}
  m_NavMeshLayer: 0
  m_StaticEditorFlags: 0
  m_IsActive: 1
--- !u!1 &140994
GameObject:
  m_ObjectHideFlags: 0
  m_PrefabParentObject: {fileID: 0}
  m_PrefabInternal: {fileID: 100100000}
  serializedVersion: 4
  m_Component:
  - 4: {fileID: 474928}
  - 212: {fileID: 21232852}
  - 60: {fileID: 6020504}
  m_Layer: 0
  m_Name: Texture_Side
  m_TagString: Untagged
  m_Icon: {fileID: 0}
  m_NavMeshLayer: 0
  m_StaticEditorFlags: 0
  m_IsActive: 1
--- !u!1 &160284
GameObject:
  m_ObjectHideFlags: 0
  m_PrefabParentObject: {fileID: 0}
  m_PrefabInternal: {fileID: 100100000}
  serializedVersion: 4
  m_Component:
  - 4: {fileID: 430194}
  m_Layer: 0
  m_Name: Ruin_Left
  m_TagString: Untagged
  m_Icon: {fileID: 0}
  m_NavMeshLayer: 0
  m_StaticEditorFlags: 0
  m_IsActive: 1
--- !u!4 &408616
Transform:
  m_ObjectHideFlags: 1
  m_PrefabParentObject: {fileID: 0}
  m_PrefabInternal: {fileID: 100100000}
  m_GameObject: {fileID: 131408}
  m_LocalRotation: {x: 0, y: -1, z: 0, w: -1.62920685e-07}
  m_LocalPosition: {x: -.442001015, y: -.00200080872, z: -1}
  m_LocalScale: {x: 1, y: 1, z: 1}
  m_Children: []
  m_Father: {fileID: 430194}
  m_RootOrder: 1
--- !u!4 &430194
Transform:
  m_ObjectHideFlags: 1
  m_PrefabParentObject: {fileID: 0}
  m_PrefabInternal: {fileID: 100100000}
  m_GameObject: {fileID: 160284}
  m_LocalRotation: {x: 0, y: 1, z: 0, w: -1.62920685e-07}
  m_LocalPosition: {x: -2.56599998, y: .00700000022, z: 0}
  m_LocalScale: {x: 1, y: 1, z: 1}
  m_Children:
  - {fileID: 474928}
  - {fileID: 408616}
  m_Father: {fileID: 0}
  m_RootOrder: 0
--- !u!4 &474928
Transform:
  m_ObjectHideFlags: 1
  m_PrefabParentObject: {fileID: 0}
  m_PrefabInternal: {fileID: 100100000}
  m_GameObject: {fileID: 140994}
  m_LocalRotation: {x: 0, y: 0, z: 0, w: 1}
  m_LocalPosition: {x: -.43900001, y: -.00899999961, z: 0}
  m_LocalScale: {x: 1, y: 1, z: 1}
  m_Children: []
  m_Father: {fileID: 430194}
  m_RootOrder: 0
--- !u!60 &6020504
PolygonCollider2D:
  m_ObjectHideFlags: 1
  m_PrefabParentObject: {fileID: 0}
  m_PrefabInternal: {fileID: 100100000}
  m_GameObject: {fileID: 140994}
  m_Enabled: 1
  m_Material: {fileID: 0}
  m_IsTrigger: 0
  m_UsedByEffector: 0
  m_Offset: {x: 0, y: 0}
  m_Points:
    m_Paths:
    - - {x: -.125, y: -.883333325}
      - {x: -.13333334, y: -.666666687}
      - {x: -.075000003, y: -.608333349}
      - {x: -.0500000007, y: -.574999988}
      - {x: .0416666679, y: -.408333331}
      - {x: .0166666675, y: -.208333328}
      - {x: .116666667, y: -.13333334}
      - {x: .449999988, y: -.174999997}
      - {x: .591666639, y: -.183333337}
      - {x: .649999976, y: -.0833333358}
      - {x: .725000024, y: 0}
      - {x: .75, y: .0583333336}
      - {x: .758333325, y: .100000001}
      - {x: .758333325, y: .408333331}
      - {x: .733333349, y: .533333361}
      - {x: .733333349, y: .716666639}
      - {x: .571983337, y: .853170395}
      - {x: -1.06759942, y: .865794361}
      - {x: -1.06666672, y: -1.06666672}
      - {x: -.733333349, y: -1.06666672}
      - {x: -.633333325, y: -1.00833333}
      - {x: -.341666669, y: -.966666639}
      - {x: -.200000003, y: -.941666663}
--- !u!212 &21232852
SpriteRenderer:
  m_ObjectHideFlags: 1
  m_PrefabParentObject: {fileID: 0}
  m_PrefabInternal: {fileID: 100100000}
  m_GameObject: {fileID: 140994}
  m_Enabled: 1
  m_CastShadows: 0
  m_ReceiveShadows: 0
  m_Materials:
  - {fileID: 10754, guid: 0000000000000000e000000000000000, type: 0}
  m_SubsetIndices: 
  m_StaticBatchRoot: {fileID: 0}
  m_UseLightProbes: 1
  m_ReflectionProbeUsage: 1
  m_ProbeAnchor: {fileID: 0}
  m_ScaleInLightmap: 1
  m_PreserveUVs: 0
  m_ImportantGI: 0
  m_AutoUVMaxDistance: .5
  m_AutoUVMaxAngle: 89
  m_LightmapParameters: {fileID: 0}
  m_SortingLayerID: 0
  m_SortingOrder: 0
  m_Sprite: {fileID: 21300000, guid: 407c9f4a2000a7445ad323d7e4583a76, type: 3}
  m_Color: {r: 1, g: 1, b: 1, a: 1}
--- !u!212 &21242636
SpriteRenderer:
  m_ObjectHideFlags: 1
  m_PrefabParentObject: {fileID: 0}
  m_PrefabInternal: {fileID: 100100000}
  m_GameObject: {fileID: 131408}
  m_Enabled: 1
  m_CastShadows: 0
  m_ReceiveShadows: 0
  m_Materials:
  - {fileID: 10754, guid: 0000000000000000e000000000000000, type: 0}
  m_SubsetIndices: 
  m_StaticBatchRoot: {fileID: 0}
  m_UseLightProbes: 1
  m_ReflectionProbeUsage: 1
  m_ProbeAnchor: {fileID: 0}
  m_ScaleInLightmap: 1
  m_PreserveUVs: 0
  m_ImportantGI: 0
  m_AutoUVMaxDistance: .5
  m_AutoUVMaxAngle: 89
  m_LightmapParameters: {fileID: 0}
  m_SortingLayerID: 0
  m_SortingOrder: 0
  m_Sprite: {fileID: 21300000, guid: 73bc62515abe9ba45b3f8dbe98ef5d8a, type: 3}
  m_Color: {r: 1, g: 1, b: 1, a: 1}
--- !u!1001 &100100000
Prefab:
  m_ObjectHideFlags: 1
  serializedVersion: 2
  m_Modification:
    m_TransformParent: {fileID: 0}
    m_Modifications: []
    m_RemovedComponents: []
  m_ParentPrefab: {fileID: 0}
  m_RootGameObject: {fileID: 160284}
  m_IsPrefabParent: 1
