%YAML 1.1
%TAG !u! tag:unity3d.com,2011:
--- !u!1 &162398
GameObject:
  m_ObjectHideFlags: 0
  m_PrefabParentObject: {fileID: 0}
  m_PrefabInternal: {fileID: 100100000}
  serializedVersion: 4
  m_Component:
  - 4: {fileID: 403410}
  - 212: {fileID: 21228012}
  - 114: {fileID: 11449018}
  - 61: {fileID: 6132330}
  m_Layer: 0
  m_Name: P_SnowPile
  m_TagString: Untagged
  m_Icon: {fileID: 0}
  m_NavMeshLayer: 0
  m_StaticEditorFlags: 0
  m_IsActive: 1
--- !u!4 &403410
Transform:
  m_ObjectHideFlags: 1
  m_PrefabParentObject: {fileID: 0}
  m_PrefabInternal: {fileID: 100100000}
  m_GameObject: {fileID: 162398}
  m_LocalRotation: {x: 0, y: 0, z: .0238976665, w: -.999714434}
  m_LocalPosition: {x: 90.6399994, y: 257.209991, z: -7.96875}
  m_LocalScale: {x: 2.15722775, y: 2.47062087, z: 1.07861388}
  m_Children: []
  m_Father: {fileID: 0}
  m_RootOrder: 0
--- !u!61 &6132330
BoxCollider2D:
  m_ObjectHideFlags: 1
  m_PrefabParentObject: {fileID: 0}
  m_PrefabInternal: {fileID: 100100000}
  m_GameObject: {fileID: 162398}
  m_Enabled: 1
  m_Material: {fileID: 0}
  m_IsTrigger: 1
  m_UsedByEffector: 0
  m_Offset: {x: -.0160093307, y: -.026679039}
  serializedVersion: 2
  m_Size: {x: .927192569, y: .457627356}
--- !u!114 &11449018
MonoBehaviour:
  m_ObjectHideFlags: 1
  m_PrefabParentObject: {fileID: 0}
  m_PrefabInternal: {fileID: 100100000}
  m_GameObject: {fileID: 162398}
  m_Enabled: 1
  m_EditorHideFlags: 0
  m_Script: {fileID: 11500000, guid: b0bbfb5c572ad424faba00524f12c6e0, type: 3}
  m_Name: 
  m_EditorClassIdentifier: 
  potParticle: {fileID: 168222, guid: 15414209eb7b2184b90b4c54544b67e3, type: 2}
  smashSoundEffects:
  - {fileID: 8300000, guid: 9a18580a1f40da24788dfc7afbc9e1b6, type: 3}
  breakableType: Snow
--- !u!212 &21228012
SpriteRenderer:
  m_ObjectHideFlags: 1
  m_PrefabParentObject: {fileID: 0}
  m_PrefabInternal: {fileID: 100100000}
  m_GameObject: {fileID: 162398}
  m_Enabled: 1
  m_CastShadows: 0
  m_ReceiveShadows: 0
  m_Materials:
  - {fileID: 10754, guid: 0000000000000000e000000000000000, type: 0}
  m_SubsetIndices: 
  m_StaticBatchRoot: {fileID: 0}
  m_UseLightProbes: 1
  m_ReflectionProbeUsage: 1
  m_ProbeAnchor: {fileID: 0}
  m_ScaleInLightmap: 1
  m_PreserveUVs: 0
  m_ImportantGI: 0
  m_AutoUVMaxDistance: .5
  m_AutoUVMaxAngle: 89
  m_LightmapParameters: {fileID: 0}
  m_SortingLayerID: 0
  m_SortingOrder: 0
  m_Sprite: {fileID: 21300000, guid: 03a67b517b6e0e648818357305fb57af, type: 3}
  m_Color: {r: 1, g: 1, b: 1, a: 1}
--- !u!1001 &100100000
Prefab:
  m_ObjectHideFlags: 1
  serializedVersion: 2
  m_Modification:
    m_TransformParent: {fileID: 0}
    m_Modifications: []
    m_RemovedComponents: []
  m_ParentPrefab: {fileID: 0}
  m_RootGameObject: {fileID: 162398}
  m_IsPrefabParent: 1
